@inproceedings{hagberg-2008-exploring,
	author = {Aric A. Hagberg and Daniel A. Schult and Pieter J. Swart},
	title = {Exploring network structure, dynamics, and function using {NetworkX}},
	year = {2008},
	month = Aug,
	urlpdf = {http://math.lanl.gov/~hagberg/Papers/hagberg-2008-exploring.pdf},
	booktitle = {Proceedings of the 7th Python in Science Conference (SciPy2008)},
	editors = {G\"{a}el Varoquaux, Travis Vaught, and Jarrod Millman},
	address = {Pasadena, CA USA},
	pages = {11--15}
},

@article{Floyd:1962:A9S:367766.368168,
	author = {Floyd, Robert W.},
	title = {Algorithm 97: Shortest Path},
	journal = {Commun. ACM},
	issue_date = {June 1962},
	volume = {5},
	number = {6},
	month = jun,
	year = {1962},
	issn = {0001-0782},
	pages = {345--},
	url = {http://doi.acm.org/10.1145/367766.368168},
	doi = {10.1145/367766.368168},
	acmid = {368168},
	publisher = {ACM},
	address = {New York, NY, USA},
},

@article{Johnson:1977:EAS:321992.321993,
	author = {Johnson, Donald B.},
	title = {Efficient Algorithms for Shortest Paths in Sparse Networks},
	journal = {J. ACM},
	issue_date = {Jan. 1977},
	volume = {24},
	number = {1},
	month = jan,
	year = {1977},
	issn = {0004-5411},
	pages = {1--13},
	numpages = {13},
	url = {http://doi.acm.org/10.1145/321992.321993},
	doi = {10.1145/321992.321993},
	acmid = {321993},
	publisher = {ACM},
	address = {New York, NY, USA},
},

@article{Dijkstra,
	author="Dijkstra, E. W.",
	title="A note on two problems in connexion with graphs",
	journal="Numerische Mathematik",
	volume="1",
	number="1",
	pages="269--271",
	issn="0945-3245",
	doi="10.1007/BF01386390",
	url="http://dx.doi.org/10.1007/BF01386390"
},

@article{bellman1956routing,
  title={On a routing problem},
  author={Bellman, Richard},
  year={1956},
  institution={DTIC Document}
}

