@inproceedings{hagberg-2008-exploring,
author = {Aric A. Hagberg and Daniel A. Schult and Pieter J. Swart},
title = {Exploring network structure, dynamics, and function using {NetworkX}},
year = {2008},
month = Aug,
urlpdf = {http://math.lanl.gov/~hagberg/Papers/hagberg-2008-exploring.pdf},
booktitle = {Proceedings of the 7th Python in Science Conference (SciPy2008)},
editors = {G\"{a}el Varoquaux, Travis Vaught, and Jarrod Millman},
address = {Pasadena, CA USA},
pages = {11--15}
},

@ARTICLE{Tarjan72depthfirst,
    author = {Robert Tarjan},
    title = {Depth first search and linear graph algorithms},
    journal = {SIAM Journal on Computing},
    year = {1972}
}